3967 5042
468 680 471 686 .
547 617 663 689 xvnr
760 589 792 607 ““
874 665 877 672 .
957 590 1204 709 Pennino.
1374 567 1381 576 ’

475 735 746 758 ’.ὴ-ω...-
1087 735 1135 748 .-.
1409 727 1682 750 Ἥ

490 781 590 864 modo
605 787 712 885 plures
731 781 876 878 ejusdem
892 775 1004 852 farinae
1020 735 1165 852 hislorits
1182 777 1316 850 trallare
1333 777 1497 860 decrevit,
1525 792 1567 850 tte
1588 803 1686 854 mate·

494 891 540 963 ria
552 884 731 978 legentibus
749 876 855 951 odiosa
868 873 975 960 fieret,
1004 897 1071 974 qvo
1087 881 1169 950 hanc
1187 883 1295 976 operis
1317 901 1439 975 partem
1461 879 1564 985 multo
1588 903 1687 975 qvam

382 979 387 984 ⁵
491 985 776 1060 antesbreviorem
793 975 957 1049 forehaud
971 978 1196 1070 grauatemlir.
1224 976 1285 1047 Sed
1298 999 1585 1073 quantumcunque
1598 999 1685 1053 anno

442 1087 447 1096 '
499 1105 595 1176 1702
611 1083 811 1180 inopinatum
826 1077 987 1178 Magnaei
1008 1079 1041 1147 in
1065 1075 1234 1148 islandiam
1257 1075 1396 1156 abirom,
1422 1075 1690 1172 dapes-turbatio·
1758 1121 1763 1126 -

495 1207 573 1256 nem
593 1181 688 1252 rebus
707 1177 766 1248 suls
792 1201 852 1274 per
877 1175 965 1247 hunc
986 1173 1165 1256 indullam,
1192 1177 1284 1246 initio
1313 1175 1432 1257 doluit,
1458 1173 1546 1271 qvod
1566 1177 1598 1246 el
1624 1175 1690 1246 hoc

428 1286 434 1300 “
496 1285 559 1353 iter
574 1303 647 1350 ante
661 1301 727 1348 non
744 1275 954 1355 indicaverat,
981 1275 1084 1346 multo
1100 1274 1259 1344 minusad
1274 1276 1361 1345 varia
1376 1275 1509 1344 maximi
1532 1278 1691 1345 momenti
1774 1297 1778 1310 ’

498 1381 619 1478 capita,
647 1401 718 1473 quac
729 1378 759 1446 ei
774 1376 814 1446 de
827 1373 888 1444 suis
907 1373 1059 1470 operibus
1075 1369 1255 1470 scripserat,
1282 1371 1506 1469 responderat,
1524 1369 1692 1443 necabar·

499 1482 594 1551 tts-ei
613 1476 746 1547 creditas
765 1469 960 1552 restituerat,
987 1495 1062 1543 cum
1086 1471 1272 1552 nauclerus,
1298 1474 1350 1540 cui
1372 1469 1439 1542 hac
1463 1472 1572 1542 omnia
1596 1467 1692 1543 dilee-

499 1579 578 1650 dens
594 1573 782 1656 tradiderat,
811 1568 947 1644 advcrfis
964 1573 1070 1640 ventis
1086 1564 1206 1640 iamdiu
1231 1569 1444 1651 detineretur,
1470 1593 1506 1640 ut
1531 1567 1692 1666 Torfaeut

498 1675 582 1754 nihil
599 1675 719 1744 horum
742 1693 815 1740 ante
831 1666 1047 1738 Decembrem
1068 1667 1245 1754 obtineret5
1271 1667 1305 1738 dt
1326 1675 1609 1765 'quantumcunque
1632 1667 1690 1741 Se·

499 1777 573 1848 ries
593 1771 701 1840 multis
718 1767 757 1838 de
771 1763 870 1838 caufis
890 1789 965 1836 eum
983 1787 1074 1836 antea
1088 1763 1257 1836 sollicitum
1277 1790 1441 1855 renuerat3
1468 1767 1553 1838 haud
1574 1790 1691 1866 parum

499 1893 608 1942 tamen
622 1891 700 1937 mox
716 1866 915 1960 erigebatur,
942 1889 1017 1936 cunt
1034 1890 1122 1947 eam,
1150 1865 1205 1936 ubi
1224 1867 1401 1962 prodierat,
1429 1867 1605 1965 plurimum
1628 1868 1691 1940 lau·

446 2017 449 2024 .
499 1970 568 2042 dari
585 1967 727 2046 audiret,
754 1963 787 2050 dr
812 1990 830 2036 a
853 1964 1041 2062 proceribus
1063 1967 1160 2035 eriam
1184 1965 1276 2035 avide
1297 1967 1378 2056 legi,
1405 1965 1582 2061 exquibus
1607 1969 1689 2046 Eae.

475 2073 599 2158 ‚Dom
620 2061 823 2139 Fridericus
848 2058 977 2144 Gabel,
1013 2065 1069 2158 qvi
1087 2068 1273 2154 Pro-Regis
1296 2062 1438 2158 partibus
1463 2067 1496 2133 in
1520 2067 1692 2156 Norvegia

499 2189 572 2239 tum
584 2163 793 2257 fungebatur,
820 2161 989 2268 nonnullas
1003 2165 1042 2232 -in
1063 2187 1133 2232 eam
1148 2157 1477 2254 Animadverfiones
1490 2158 1691 2234 conscribere

408 2275 415 2286 '
498 2265 646 2356 dignatus
663 2261 716 2342 est,
769 2263 866 2334 Unde
886 2283 976 2332 tanto
997 2265 1116 2353 magis,
1144 2258 1319 2354 praesertim
1344 2261 1484 2330 intanta
1508 2262 1691 2352 argumenti

427 2435 430 2448 ,
498 2363 659 2442 novitate,
687 2363 806 2432 mirum
822 2359 926 2431 videri
939 2357 1024 2428 haud
1046 2360 1209 2426 immerito
1224 2353 1347 2450 potell,
1375 2379 1444 2424 eam
1458 2379 1622 2452 emptores
1638 2361 1687 2429 ad·

497 2461 635 2534 modum
653 2482 772 2554 paucos
796 2451 965 2532 inv'enille,
987 2452 1078 2544 cujus
1100 2455 1146 2520 rei
1170 2449 1305 2520 caul'sm‘
1319 2451 1491 2549 bibliopola
1515 2459 1631 2551 partim
1655 2460 1689 2530 in
1774 2469 1779 2473 ’

499 2557 702 2728 {johannem
716 2553 907 2626 Laurentii
923 2549 1076 2641 conjecit,
1104 2546 1190 2644 qvalr
1202 2550 1253 2618 laic
1270 2552 1462 2647 exemplaria
1486 2552 1568 2625 bene
1588 2557 1689 2629 multa

429 2649 435 2656 ’
519 2659 615 2727 urtitn
631 2647 830 2748 impresfillet
843 2649 875 2718 aa
890 2643 1096 2728 vendidisset,
1126 2650 1242 2743 partim
1257 2652 1288 2718 in
1305 2650 1489 2733 materiim,
1503 2654 1592 2749 qvod
1606 2654 1683 2738 hart,

501 2753 546 2824 ob
569 2752 667 2821 multa
692 2751 741 2819 illa
766 2745 857 2830 folia,
885 2771 956 2842 qvae
979 2745 1143 2817 dilacerata
1167 2769 1274 2828 crant,
1302 2748 1333 2818 dr
1357 2748 1396 2820 de
1411 2773 1500 2822 novo
1522 2750 1689 2850 impressa,

502 2872 638 2923 omnem
663 2851 801 2919 nitorem
823 2841 1020 2944 perdidillet,
1044 2845 1076 2916 dr
1100 2847 1219 2943 partim
1242 2847 1380 2944 dcniqve
1399 2851 1432 2917 in
1461 2873 1691 2940 argumentum

502 2951 594 3039 libri,
628 2947 715 3046 qvod
738 2943 854 3016 scilicet
881 2943 933 3016 hic
956 2943 995 3016 ad
1020 2947 1199 3016 recentiora
1221 2968 1368 3044 tempora
1395 2949 1598 3020 continuatus
1622 2975 1691 3024 non

504 3046 588 3125 ellat.
650 3042 809 3142 Torsaeus
830 3066 935 3116 autem
958 3065 992 3118 ut
1016 3047 1158 3139 primum
1181 3069 1243 3140 pro
1263 3067 1352 3115 mera
1374 3042 1566 3143 sulpicione,
1593 3071 1694 3145 eaque
1727 3059 1733 3073 ¹

506 3147 752 3242 haudqvaqvam
767 3142 941 3240 probabili,
966 3142 1100 3225 habuit,
1122 3144 1162 3239 ira
1179 3141 1355 3228 secundum
1377 3149 1493 3215 merito
1512 3142 1604 3217 futile
1630 3147 1693 3227 elle

505 3241 646 3325 censuit,
674 3267 747 3314 cum
769 3243 876 3316 omnia
895 3235 989 3323 folia,
1018 3241 1058 3313 de
1086 3265 1176 3318 novo
1196 3240 1358 3338 imptella,
1388 3267 1553 3315 numerata
1573 3241 1689 3330 allent,

506 3366 602 3440 atqve
621 3343 700 3413 adeo
719 3341 837 3412 nullam
859 3339 1048 3436 bibliopegis
1073 3337 1250 3412 molestiam
1269 3367 1377 3414 creare
1395 3341 1537 3439 pollent5
1563 3349 1696 3420 tertium
1725 3365 1734 3376 ’·

506 3441 657 3514 mandato
685 3443 806 3532 Regio,
835 3462 869 3509 ut
894 3437 1027 3513 Seriem
1052 3464 1196 3536 eousqve
1223 3464 1365 3520 tantum,
1388 3465 1461 3536 ,qvo
1485 3465 1697 3518 monumenta

504 3541 674 3613 Danica&
692 3540 844 3610 lslandict
859 3533 1059 3618 diffindunt,
1086 3537 1290 3634 perduceret,
1316 3535 1409 3609 facile
1420 3537 1588 3620 excusavit,
1643 3551 1695 3616 In·

504 3663 591 3710 rerea
608 3659 714 3710 tamen
731 3637 797 3707 haec
815 3637 975 3709 vendendi
991 3632 1159 3706 difficultas
1183 3631 1287 3705 ansam
1308 3635 1488 3734 bibliopolae
1512 3638 1627 3713 dedille
1645 3646 1694 3715 vi·

502 3737 614 3819 detur,
630 3748 634 3757 ‘
648 3759 682 3808 ut
708 3761 797 3808 novo
832 3733 993 3830 Univetfi
1004 3733 1261 3830 septentrionis
1286 3738 1548 3836 antiqnitotum
1576 3739 1689 3825 ritulo,
1743 3777 1750 3787 ι

426 3848 432 3856 '
488 3855 603 3936 ¹quem
621 3837 773 3908 nonnulla
788 3836 902 3909 Serrei
919 3831 1113 3928 exemplaria
1127 3833 1222 3902 eriam
1247 3832 1344 3904 hodie
1364 3832 1556 3931 praeferunt,
1583 3840 1702 3936 plures·
1762 3829 1777 3840 ⁸

502 3958 645 4009 emtores
665 3933 787 4007 allicere
804 3955 957 4022 tentaret,
984 3931 1071 4025 qvod
1087 3954 1209 4012 lamen,
1237 3953 1272 4003 ut
1290 3957 1421 4005 ornnem
1440 3936 1535 4010 alium
1557 3933 1687 4021 fucum,

390 4103 393 4110 .
509 4034 646 4133 Totfaeo
668 4035 768 4116 valde.
783 4025 991 4129 displicuille,
1007 4029 1077 4124 ejus
1101 4030 1160 4101 hac
1180 4029 1222 4104 dc
1242 4055 1281 4108 aa
1299 4037 1472 4111 monitum
1505 4036 1556 4107 ad·
1571 4036 1701 4112 calcem

478 4132 732 4212 ‚Grdnlandr'ae
748 4130 1046 4234 antiqvae'eoitun
1066 4129 1170 4210 docet.
1519 4131 1573 4234 *§,
1604 4147 1636 4222 3,
1676 4125 1683 4137 ’
1761 4147 1764 4155 ·
