3967 5042
508 679 846 793 &ionedefefilus
863 675 1061 794 qvousurn
1085 675 1340 790 procedam?
1373 675 1501 762 Unde
1514 675 1715 778 locorum,
1775 761 1786 770 .

507 791 648 900 ntum,
683 794 905 892 distantias,
937 791 1131 874 itin'erum
1155 786 1299 899 spatia,
1333 785 1538 893 cladibus,
1571 787 1703 892 bellis,

509 890 853 1017 occupationibus
871 901 1122 986 antdiverfis
1142 897 1294 986 cafibus
1317 897 1508 984 notabilia
1561 917 1704 1013 vaeqve
1847 973 1850 980 ⁴

510 1013 721 1130 assequar?
762 1016 851 1098 Aut
886 1007 1240 1122 chorographicos
1271 1035 1432 1094 errores
1457 920 1605 1119 pasllm
1640 1035 1708 1095 oc·
1764 1013 1794 1092 ’.

510 1149 723 1213 currentes
742 1125 966 1232 corrigam,
1000 1121 1082 1206 stne
1100 1119 1214 1231 lydio
1241 1118 1309 1206 illo
1335 1116 1497 1230 lapide?
1530 1145 1628 1206 curn
1653 1142 1705 1206 ta·

508 1239 610 1323 lium
627 1236 768 1319 notitia
790 1237 893 1316 intra
920 1229 1117 1318 musaeunt
1138 1228 1254 1316 haud
1279 1229 1392 1316 aliter
1421 1255 1706 1341 cornparetur3

511 1347 616 1457 Qvae
641 1348 755 1428 eninr
780 1347 927 1429 Petrus
948 1343 1167 1444 Claudius,
1199 1337 1297 1425 nihil
1333 1343 1528 1426 nimirum
1559 1337 1707 1426 choro-

513 1453 696 1584 graphiae
712 1452 828 1584 qvod
850 1451 920 1537 suo
945 1453 1140 1540 Snorrius
1161 1451 1363 1551 Sturlaeur
1384 1448 1552 1562 sctipfit,
1584 1450 1706 1536 nobis

510 1566 697 1679 reliqvit,
730 1558 973 1674 imperfetia
990 1560 1101 1666 sunt,
1135 1588 1306 1676 qvoqve
1331 1565 1462 1673 magis
1489 1567 1531 1645 in
1551 1557 1706 1670 septen·
1836 1609 1839 1619 ·

511 1679 691 1765 orionem
709 1673 970 1787 proceditur,
1005 1667 1223 1770 deliciunt,
1258 1696 1336 1754 nec
1358 1692 1497 1753 tamen
1519 1669 1608 1754 satis
1630 1670 1708 1758 lau·

471 1862 474 1868 ,
511 1789 598 1874 dari
623 1785 757 1898 potest
772 1780 976 1865 clarissimi
993 1779 1095 1862 illius
1111 1779 1186 1860 viri
1202 1777 1452 1864 industria&
1470 1783 1608 1890 patriae
1625 1781 1705 1868 illu

312 1921 321 1928 ·
442 1951 446 1957 ·
511 1895 687 1985 stranda
700 1891 899 1992 studium,
934 1885 1053 2017 eujus
1070 1885 1189 1974 solius
1207 1881 1370 1992 amore,
1390 1887 1502 1975 nullo
1522 1891 1624 1976 lucri
1642 1917 1706 1978 au·

512 2010 640 2118 cupio
654 2027 725 2089 aut
739 2003 895 2114 praemii
911 2004 1071 2104 intuitu,
1088 2023 1154 2082 res
1172 2003 1321 2109 patrias
1340 1997 1424 2086 aliis
1444 2000 1612 2088 intailas
1634 2027 1706 2114 po

510 2119 677 2206 steritati
692 2111 953 2199 consecravit
1018 2108 1174 2196 Extant
1189 2109 1358 2224 qvidem
1375 2109 1523 2241 tabulae
1535 2137 1707 2228 geogra-

544 2228 645 2317 hicae
664 2229 707 2310 in
723 2221 945 2309 Hollandia
970 2217 1246 2306 delineatae&
1274 2216 1480 2334 effigiata,
1513 2222 1703 2336 rmpenfis

510 2255 708 2451 gotisoni
718 2397 729 2437 ‚
766 2327 1084 2526 Vasbergiorur'n
1102 2329 1145 2415 dc
1169 2332 1297 2440 Mosts
1317 2337 1428 2438 Pitt,
1462 2331 1586 2419 solam
1596 2333 1704 2420 Nor·

284 2557 291 2566 ,
351 2452 384 2547 ζ
452 2509 456 2514 -
512 2453 679 2560 vegiam
718 2447 872 2558 prima,
943 2435 1102 2524 ioeceses
1132 2435 1497 2558 Stafangrienscrn,
1536 2442 1706 2531 Assoen.

501 2555 595 2645 ⁴sem
616 2547 919 2669 &bergensem
933 2548 1128 2655 secunda,
1162 2547 1286 2638 solam
1312 2553 1554 2665 Bergensem
1568 2560 1709 2660 tertia,
1788 2589 1796 2612 ·

449 2733 453 2743 .
512 2667 638 2754 solam
668 2657 995 2747 Nidarofiensem
1021 2685 1164 2772 quarta
1190 2663 1499 2772 complebitur,
1532 2665 1709 2754 nullone
1773 2743 1779 2750 .

403 2849 410 2856 .
513 2801 672 2862 nornen
710 2769 943 2882 appofitum
974 2797 1062 2855 non
1096 2770 1172 2877 est,
1204 2770 1298 2856 fitus
1332 2793 1706 2888 utcunqvejpatet,

514 2912 647 3000 pauca
666 2882 755 2968 loca
778 2899 916 2966 notata
945 2877 1058 2983 sunt,
1091 2881 1328 2967 nominibus
1351 2885 1473 2968 etiarn
1494 2882 1707 2972 hodiernis

513 3007 558 3085 in
572 2995 731 3109 Belgica
746 2992 935 3102 detortis3
967 2987 1145 3078 Haffniae
1161 3019 1272 3083 meas
1294 2996 1552 3106 comparavi,
1585 2996 1704 3106 plura
1752 3047 1758 3054 -

432 3126 437 3134 ’
512 3109 572 3193 ibi
586 3103 776 3215 exempla
792 3103 946 3189 venalia
967 3101 1119 3207 credo,
1153 3129 1285 3190 unum
1302 3101 1407 3188 nrihi
1428 3123 1590 3202 tantum
1614 3103 1657 3192 su

295 3287 302 3294 .
393 3212 422 3268 ’-
505 3218 638 3332 petit,
671 3241 757 3327 qvo
784 3237 924 3298 carere
948 3237 1135 3330 neqye03
1164 3215 1239 3298 Ne
1263 3237 1401 3316 tamen
1425 3219 1465 3300 in
1492 3215 1651 3302 redden

291 3351 299 3360 ’
399 3416 403 3424 ι
493 3327 795 3444 ¹qvalicunqve
810 3327 936 3433 gratia
961 3327 1132 3408 omnino
1156 3323 1364 3432 delicians,
1398 3331 1517 3412 mitto
1540 3327 1705 3414 schedas

514 3434 751 3549 praesentes,
785 3431 974 3523 fabulosis
990 3434 1161 3548 qvidenr
1177 3437 1474 3532 narrationibus
1492 3431 1704 3544 scatentes',
1731 3439 1744 3456 ‘
1825 3481 1829 3486 ·

438 3583 444 3594 r
514 3572 644 3660 atqve
676 3575 726 3632 eo
756 3541 866 3632 forte
894 3549 1062 3630 nomine
1093 3549 1230 3631 minus
1256 3572 1467 3658 acceptas,
1499 3545 1567 3634 sed
1591 3577 1707 3664 argu

391 3699 399 3710 =
508 3661 647 3764 ‚menti
674 3656 824 3740 fiducia
851 3654 1091 3760 satuentes,
1126 3656 1242 3770 qvod
1260 3657 1442 3768 Sogniae,
1476 3685 1564 3744 non
1583 3665 1633 3748 in
1651 3687 1708 3747 to·
1747 3709 1753 3716 ·

508 3771 633 3870 'tum,
666 3763 873 3875 utiocto,
908 3765 1100 3853 confidas
1125 3765 1264 3854 laudes
1287 3773 1541 3880 contineant3
1572 3769 1709 3860 Vertit

414 3949 418 3955 .
516 3906 574 3967 ex
604 3874 808 3964 lslandico
828 3872 909 3964 Ml
936 3881 979 3961 in
1006 3875 1193 3990 linguam
1214 3879 1434 3968 Svedicatn
1453 3881 1484 3966 d
1507 3887 1735 3992 principio

729 4039 734 4046 -
858 4041 865 4052 ,
1365 4076 1375 4082 „
1459 4045 1462 4048 -
1514 4017 1648 4106 usque
1712 4071 1717 4079 ,
1786 4081 1788 4086 ,
