3967 5042
463 561 467 568 ⁴
509 635 513 650 ι
564 623 595 679 x
653 572 694 588 ”
976 581 1218 673 Pt'ttnrnrro.
1263 590 1268 603 '

378 735 387 756 ι
502 723 772 751 Μ

503 779 665 878 Magneti
686 775 871 856 constsinnt,
899 795 934 845 ut
961 774 1086 854 Seriei,
1126 774 1163 844 ad
1196 775 1288 867 cujus
1312 777 1429 845 calcem
1448 799 1542 862 nunc
1567 777 1701 868 iegitur,

436 873 442 880 ⁸
501 887 711 956 attereretur,
739 875 945 974 probaverat,
971 871 1028 942 sub
1053 897 1187 943 examen
1216 879 1397 956 revocavit,
1434 873 1522 968 (sicet
1548 899 1617 947 eam
1640 879 1703 977 pri·

496 967 594 1053 ¹mutio
611 976 648 1044 ad
665 973 750 1044 diem
777 995 814 1065 13
833 971 952 1068 Aprilis
969 972 1044 1040 anni
1071 995 1165 1061 1700
1190 969 1363 1045 absolutam
1382 976 1624 1070 transmitteret)
1648 974 1702 1046 sed
1829 1007 1835 1019 ⁸

506 1096 661 1176 praeterea
677 1077 771 1143 etiam
789 1073 874 1142 varia
890 1093 974 1142 nova
992 1073 1110 1164 capita,
1136 1095 1207 1165 qvae
1223 1094 1290 1142 tum
1305 1071 1501 1162 elaboravit,
1530 1071 1661 1142 subinde
1670 1073 1708 1150 ei¹
1811 1155 1820 1168 ἱ

507 1171 609 1252 misit,
631 1169 692 1242 suis
708 1171 784 1239 loeis
801 1168 914 1242 Seriei
927 1167 1079 1249 addenda,
1095 1169 1126 1238 dt
1143 1175 1176 1238 in
1191 1169 1241 1238 hia
1258 1193 1378 1251 unum,
1392 1167 1495 1265 (qvod
1511 1195 1617 1241 tamen
1632 1194 1701 1242 non
1731 1203 1737 1211 ·

443 1329 457 1339 .
508 1274 545 1343 in
558 1271 674 1360 serie,
702 1263 753 1338 sed
775 1269 808 1338 in
833 1265 992 1358 Historia
1016 1264 1219 1359 Norvegica
1242 1267 1275 1338 dt
1296 1271 1425 1364 qvidem
1449 1275 1497 1346 Τ.
1519 1294 1546 1341 ι.
1573 1271 1645 1344 libr.
1666 1293 1699 1363 3.
1780 1308 1786 1320 =

287 1371 290 1386 '
370 1366 397 1438 '.
496 1367 589 1455 vSeii.
610 1395 642 1458 4.
662 1391 695 1462 p.
716 1377 800 1455 148.
815 1365 847 1435 dt
861 1364 945 1460 seqv,
969 1361 1067 1435 hodie
1089 1343 1203 1461 exsiat)
1224 1382 1345 1440 utrum
1370 1366 1522 1459 Odinus,
1549 1391 1596 1441 an
1618 1391 1702 1440 vcro

367 1501 371 1508 ·
395 1491 405 1504 ‘
508 1465 699 1544 Forniotus
706 1467 813 1563 prior
828 1463 969 1536 vixerit
976 1489 996 1550 ,·
1022 1486 1162 1534 necnon
1182 1464 1381 1546 &alterum
1400 1467 1503 1561 (qvod
1520 1463 1588 1537 libr.
1600 1466 1703 1538 eduin

499 1564 623 1640 ‘Seriei
640 1587 671 1658 p.
696 1575 773 1653 ¹98-
791 1560 921 1654 claudit)
940 1558 980 1632 de
998 1556 1277 1660 antiqvitatibue
1290 1559 1498 1638 Hibe'rnt'cis
1513 1559 1703 1638 o-Flaher-
1753 1633 1756 1644 ,
1781 1589 1785 1596 ·
1815 1615 1819 1620 1
1875 1615 1885 1632 ,

483 1719 487 1726 .
509 1676 550 1760 ty
567 1662 616 1735 s&
631 1659 799 1738 aliorum,
818 1659 874 1754 qvi
887 1659 1010 1754 prienes
1025 1682 1139 1730 eorum
1162 1659 1302 1730 coioniae
1320 1681 1390 1755 312
1417 1664 1507 1732 annis
1533 1659 1603 1750 post
1625 1661 1705 1737 dila·
1784 1731 1790 1744 ,

416 1802 423 1818 1
509 1763 630 1838 vium,
656 1755 808 1827 secundas
833 1781 914 1827 vero
943 1756 1123 1828 Salomonis
1146 1775 1355 1854 tempote'ex
1382 1756 1597 1856 septentrione
1614 1759 1707 1832 adve·
1817 1802 1821 1808 ,

372 1855 380 1870 ¹
499 1855 587 1946 ¹nisse
603 1855 746 1938 tradunt,
775 1855 863 1951 qvod
881 1875 1055 1950 utrumqne
1071 1857 1101 1926 ei
1118 1855 1301 1928 incredibile
1315 1858 1491 1936 videbatur.
1543 1864 1593 1930 Ex
1606 1864 1705 1930 Cont-
1790 1871 1801 1917 ῐ
1899 1865 1904 1873 ’

510 1955 711 2054 mentatione
725 1978 830 2024 autern
846 1951 885 2026 de
901 1953 1014 2026 Odino
1029 1953 1074 2028 θ’
1088 1955 1255 2029 Fdrnioto
1271 1959 1303 2026 in
1318 1959 1474 2028 mandaria
1499 1959 1585 2029 dedit
1600 1959 1705 2058 Mag·

377 2053 383 2069 “
510 2076 602 2134 naeo,
629 2075 665 2122 ut
687 2075 872 2144 argumenta
899 2050 1062 2144 seligeret,
1090 2079 1163 2149 qva·
1184 2054 1558 2150 validisfimajudicaret,
1585 2054 1706 2151 sibiqve
1820 2105 1830 2123 ,

508 2152 662 2246 indicaret
685 2177 762 2248 qvas
777 2151 915 2248 epochas
931 2149 1132 2249 potisfimutn
1156 2151 1354 2233 admitteret,
1383 2177 1422 2228 ut
1438 2154 1556 2224 librum
1585 2159 1642 2233 111,
1665 2155 1706 2225 de
1782 2173 1792 2210 ῑ

449 2329 450 2334 1
493 2250 688 2341 *originibus
702 2252 807 2340 gentis
828 2253 1027 2341 Norvegicae
1051 2251 1088 2320 ad
1111 2275 1375 2343 circumponere
1398 2249 1515 2343 posset,
1544 2253 1595 2322 cui
1612 2254 1709 2322 etiarn
1838 2260 1846 2271 “

508 2347 675 2443 qvaedam,
709 2369 780 2440 qvae
802 2347 989 2442 Magnaeus
1016 2351 1050 2412 in
1079 2345 1178 2415 Serie
1203 2342 1367 2424 omiserat,
1396 2347 1530 2440 ejusqve
1562 2373 1707 2420 mentem

484 2440 487 2466 ²
510 2442 664 2517 assecutus
679 2467 747 2512 non
763 2436 877 2516 suerat,
897 2437 1034 2509 inserere
1050 2437 1172 2522 statui13
1199 2461 1301 2508 cetera
1315 2465 1381 2522 eoa,
1400 2448 1453 2537 qvi
1464 2448 1656 2518 Forniotum
1669 2449 1706 2520 oa

507 2531 695 2634 Deslingum
713 2563 774 2636 pro
790 2537 862 2606 solis
880 2531 996 2604 fabulis
1014 2535 1151 2614 habent,
1179 2533 1235 2606 suo
1252 2534 1340 2607 sensu
1359 2538 1519 2623 abundare
1542 2540 1633 2614 socise
1652 2571 1705 2642 pa-

382 2649 385 2656 '
507 2640 667 2730 debatur,
694 2635 746 2708 sed
763 2631 786 2704 si
803 2637 844 2705 ita
865 2659 925 2730 pro
942 2631 1070 2702 historia
1096 2632 1207 2703 haberi
1230 2634 1402 2717 deberent,
1429 2639 1550 2711 necesse
1574 2641 1634 2712 esse
1648 2668 1707 2740 pu·
1796 2695 1802 2701 -

506 2741 606 2819 tevit,
633 2759 669 2806 ut
685 2735 752 2802 hacc
770 2757 809 2804 eo
826 2731 925 2830 mpdo
940 2731 1144 2826 procederet,
1171 2756 1237 2827 qvo
1250 2730 1314 2829 ipse
1330 2759 1401 2804 eam
1414 2733 1587 2835 scripserat,
1641 2744 1707 2812 Ad·

508 2836 577 2908 haec
594 2834 712 2904 librum
744 2854 855 2904 tanum
876 2828 989 2901 Series
1013 2829 1051 2899 ad
1074 2827 1554 2919 dusium‘aninndversionunr,
1573 2863 1650 2934 qvas
1673 2843 1710 2913 in
1809 2909 1817 2927 ,

509 2956 586 3007 eunt
609 2932 627 3002 i
647 2930 810 3028 Magnaeo
827 2929 1075 2999 communicatas
1101 2950 1280 3025 occeperat,
1307 2932 1414 3004 denuo
1437 2941 1644 3026 recognovit,
1673 2938 1711 3010 dt

448 3027 453 3035 ’
534 3025 1007 3120 vaedatndelevitdtntutavit,
1035 3027 1179 3123 qaedam
1197 3053 1276 3100 vero
1291 3032 1385 3102 novis
1405 3034 1580 3106 rationibus
1605 3036 1720 3124 addua
1758 3055 1765 3067 ’

507 3057 571 3200 ssia
588 3127 720 3198 ulteriu's
733 3121 945 3198 confirmavit.
1003 3127 1102 3221 Qtod
1116 3126 1274 3221 reliqvutn
1299 3152 1369 3198 erat
1392 3132 1424 3201 in
1446 3132 1544 3202 literis
1567 3133 1604 3204 ad
1628 3159 1705 3207 curn
1733 3135 1756 3216 J

303 3181 316 3292 i.
429 3273 439 3290 s
512 3248 555 3312 15
576 3222 647 3296 Osi.
670 3231 774 3314 1698.
796 3224 876 3294 datia
891 3223 975 3293 haud
989 3247 1103 3320 parurn
1118 3221 1173 3295 fibi
1188 3225 1404 3318 gratulabatur
1427 3230 1561 3314 Scriem
1587 3235 1616 3301 ei
1637 3236 1704 3332 pia-

510 3319 621 3404 coisse,
650 3319 741 3392 fitnul
770 3337 874 3391 tamen
901 3319 1087 3417 suspicatos,
1107 3324 1267 3404 nonnussa'
1292 3329 1325 3396 in
1346 3349 1398 3407 ea,
1425 3352 1498 3397 corn
1521 3330 1613 3425 prelo
1636 3356 1704 3405 tan-

378 3431 384 3438 '
509 3421 583 3494 dent
598 3419 787 3515 subjicienda
806 3416 902 3505 esset,
923 3421 1091 3493 inventum
1108 3423 1165 3504 iri,
1187 3447 1264 3518 ‘qvae
1280 3425 1424 3495 ulteriori
1438 3426 1540 3497 adhuc
1556 3433 1705 3504 emenda·

507 3521 597 3591 tione
612 3523 755 3610 indigere
769 3516 912 3614 possent;
939 3520 1007 3588 imo
1027 3543 1097 3590 ttnn
1112 3517 1170 3588 fibi
1185 3520 1290 3590 adhue
1307 3519 1423 3594 restare
1449 3523 1555 3596 scribit
1574 3525 1648 3606 libr.
1666 3555 1699 3625 3,
1747 3520 1764 3592 ¹,
1825 3525 1842 3546 ‘

507 3640 604 3716 eaput
625 3640 725 3690 ioum
749 3617 788 3688 de
802 3621 947 3708 Regnare
968 3616 1180 3696 Lodbroche,
1203 3619 1290 3712 qvod
1317 3619 1352 3689 in
1369 3621 1460 3718 plora
1482 3623 1625 3698 dividere
1648 3628 1702 3699 de·

507 3737 668 3797 creverat,
695 3714 822 3810 ibiqve,
849 3717 932 3786 utin
955 3713 1053 3787 Serie
1069 3714 1151 3794 edita
1167 3711 1288 3788 fesium
1308 3717 1548 3804 esseridentua,
1562 3727 1700 3822 ampsine

458 3889 464 3900 ,
505 3810 950 3910 demonstrarepsuresfuisse
962 3817 1142 3904 Ragnares,
1175 3815 1212 3909 t)
1232 3816 1369 3889 arsinoa
1391 3816 1475 3891 resia
1497 3819 1700 3908 aseendente,
1783 3899 1807 3908 ,,

497 3906 543 4015 ἀ)
557 3938 598 3986 ex
612 3911 837 3993 descendente,
870 3916 905 4006 3)
918 3936 958 3980 ex
975 3907 1223 4006 synchronistno
1246 3916 1344 3986 trium
1359 3922 1501 4011 Regnrn,
1516 3945 1635 4020 nempe
1653 3921 1714 3995 Si?

502 4013 599 4106 gandi
618 4009 844 4094 Fafnericidae,
870 4012 1081 4088 Ermanaaici'
1095 4012 1128 4089 oa
1141 4010 1412 4110 Giukungorutn,
1428 4041 1511 4117 qvos
1531 4041 1608 4092 tunc
1628 4026 1700 4122 ppi.

1516 4119 1674 4205 trabatur·
1752 4214 1755 4221 .
1824 4165 1831 4172 -
